<record><leader>00000cas a22000007a 4500</leader><controlfield tag="001">12608596</controlfield><controlfield tag="008">850927d18651872gauwr ne      0    0eng c</controlfield><datafield ind1=" " ind2=" " tag="010"><subfield code="a">sn 85038488 </subfield></datafield><datafield ind1=" " ind2=" " tag="040"><subfield code="a">NPY</subfield><subfield code="b">eng</subfield><subfield code="c">NPY</subfield><subfield code="d">NPX</subfield><subfield code="d">DLC</subfield><subfield code="d">NYS</subfield><subfield code="d">NLG</subfield><subfield code="d">NVF</subfield><subfield code="d">NVK</subfield><subfield code="d">OCLCQ</subfield><subfield code="d">GUA</subfield><subfield code="d">DLC</subfield><subfield code="d">AQM</subfield><subfield code="d">DLC</subfield><subfield code="d">OCLCQ</subfield><subfield code="d">OCLCF</subfield></datafield><datafield ind1=" " ind2=" " tag="019"><subfield code="a">192045027</subfield></datafield><datafield ind1="1" ind2=" " tag="029"><subfield code="a">AU@</subfield><subfield code="b">000024693399</subfield></datafield><datafield ind1=" " ind2=" " tag="042"><subfield code="a">pcc</subfield></datafield><datafield ind1=" " ind2=" " tag="043"><subfield code="a">n-us-ga</subfield></datafield><datafield ind1="0" ind2="0" tag="050"><subfield code="a">Newspaper</subfield></datafield><datafield ind1="0" ind2=" " tag="130"><subfield code="a">Federal union (Milledgeville, Ga. : 1865)</subfield></datafield><datafield ind1="1" ind2="0" tag="245"><subfield code="a">Federal union.</subfield></datafield><datafield ind1=" " ind2=" " tag="260"><subfield code="a">Milledgeville, Ga. :</subfield><subfield code="b">Boughton, Nisbet, Barnes &amp; Moore,</subfield><subfield code="c">1865-1872.</subfield></datafield><datafield ind1=" " ind2=" " tag="300"><subfield code="a">v. :</subfield><subfield code="b">ill. ;</subfield><subfield code="c">60-70 cm.</subfield></datafield><datafield ind1=" " ind2=" " tag="310"><subfield code="a">Weekly</subfield></datafield><datafield ind1="0" ind2=" " tag="362"><subfield code="a">Vol. 35, no. 49 (July 11, 1865)-v. 43, no. 4 (Aug. 21, 1872).</subfield></datafield><datafield ind1=" " ind2=" " tag="500"><subfield code="a">Editor: S.N. Boughton, &lt;1867&gt;.</subfield></datafield><datafield ind1=" " ind2=" " tag="530"><subfield code="a">Also on microfilm: Athens, Ga. : University of Georgia Libraries.</subfield></datafield><datafield ind1=" " ind2=" " tag="580"><subfield code="a">Continues: Confederate union after two months' suspension (May 16-July 4, 1865).</subfield></datafield><datafield ind1=" " ind2="0" tag="651"><subfield code="a">Milledgeville (Ga.)</subfield><subfield code="v">Newspapers.</subfield></datafield><datafield ind1=" " ind2="0" tag="651"><subfield code="a">Baldwin County (Ga.)</subfield><subfield code="v">Newspapers.</subfield></datafield><datafield ind1=" " ind2="7" tag="655"><subfield code="a">Newspapers.</subfield><subfield code="2">rbgenr</subfield></datafield><datafield ind1=" " ind2="7" tag="655"><subfield code="a">Newspapers.</subfield><subfield code="2">fast</subfield><subfield code="0">(OCoLC)fst01423814</subfield></datafield><datafield ind1=" " ind2="7" tag="651"><subfield code="a">Georgia</subfield><subfield code="z">Baldwin County.</subfield><subfield code="2">fast</subfield><subfield code="0">(OCoLC)fst01212301</subfield></datafield><datafield ind1=" " ind2="7" tag="651"><subfield code="a">Georgia</subfield><subfield code="z">Milledgeville.</subfield><subfield code="2">fast</subfield><subfield code="0">(OCoLC)fst01226246</subfield></datafield><datafield ind1=" " ind2=" " tag="752"><subfield code="a">United States</subfield><subfield code="b">Georgia</subfield><subfield code="c">Baldwin</subfield><subfield code="d">Milledgeville.</subfield></datafield><datafield ind1="1" ind2="0" tag="780"><subfield code="t">Confederate union</subfield><subfield code="w">(DLC)sn 85034083</subfield><subfield code="w">(OCoLC)12402064</subfield></datafield><datafield ind1="0" ind2="7" tag="785"><subfield code="t">Southern recorder (Milledgeville, Ga.)</subfield><subfield code="w">(DLC)sn 82016415</subfield><subfield code="w">(OCoLC)9315258</subfield></datafield><datafield ind1="0" ind2="7" tag="785"><subfield code="t">Union and recorder</subfield><subfield code="w">(DLC)sn 82015111</subfield><subfield code="w">(OCoLC)8804857</subfield></datafield></record>